@article{bracco2019fault,
  title = {Fault and gradient fault detection and reconstruction from scattered data},
  journal = {Computer Aided Geometric Design},
  volume = {75},
  year = {2019},
  author = {Bracco, Cesare and Davydov, Oleg
    and Giannelli, Carlotta and Sestini, Alessandra}
}
